@inproceedings{Papoulis1965ProbabilityRV,
  title={Probability, Random Variables and Stochastic Processes},
  author={Athanasios Papoulis},
  year={1965}
}
